<record><leader>00000cas a22000007a 4500</leader><controlfield tag="001">1554388</controlfield><controlfield tag="008">750817d18791881mnuwr ne      0    0eng d</controlfield><datafield ind1=" " ind2=" " tag="010"><subfield code="a">sn 89064179 </subfield></datafield><datafield ind1=" " ind2=" " tag="040"><subfield code="a">MUL</subfield><subfield code="b">eng</subfield><subfield code="c">MUL</subfield><subfield code="d">OCL</subfield><subfield code="d">MN#</subfield><subfield code="d">OCLCQ</subfield><subfield code="d">OCLCF</subfield><subfield code="d">OCLCO</subfield></datafield><datafield ind1=" " ind2=" " tag="042"><subfield code="a">msc</subfield></datafield><datafield ind1=" " ind2=" " tag="043"><subfield code="a">n-us-mn</subfield></datafield><datafield ind1="0" ind2="0" tag="245"><subfield code="a">Chippewa County leader.</subfield></datafield><datafield ind1=" " ind2=" " tag="260"><subfield code="a">Montevideo, Chippewa County, Minn. :</subfield><subfield code="b">Wilson &amp; Knappen,</subfield><subfield code="c">-1881.</subfield></datafield><datafield ind1=" " ind2=" " tag="300"><subfield code="a">v.</subfield></datafield><datafield ind1=" " ind2=" " tag="310"><subfield code="a">Weekly</subfield></datafield><datafield ind1="1" ind2=" " tag="362"><subfield code="a">Began Oct. 11, 1879.</subfield></datafield><datafield ind1="0" ind2=" " tag="362"><subfield code="a">-v. 5, no. 13 (July 30, 1881).</subfield></datafield><datafield ind1=" " ind2=" " tag="530"><subfield code="a">Available on microfilm from the Minnesota Historical Society.</subfield></datafield><datafield ind1=" " ind2=" " tag="588"><subfield code="a">Description based on: Vol. 3, no. 24 (Oct. 18, 1879).</subfield></datafield><datafield ind1=" " ind2="0" tag="651"><subfield code="a">Montevideo (Minn.)</subfield><subfield code="v">Newspapers.</subfield></datafield><datafield ind1=" " ind2="7" tag="655"><subfield code="a">Newspapers.</subfield><subfield code="2">fast</subfield><subfield code="0">(OCoLC)fst01423814</subfield></datafield><datafield ind1=" " ind2="7" tag="651"><subfield code="a">Minnesota</subfield><subfield code="z">Montevideo.</subfield><subfield code="2">fast</subfield><subfield code="0">(OCoLC)fst01223794</subfield></datafield><datafield ind1=" " ind2=" " tag="752"><subfield code="a">United States</subfield><subfield code="b">Minnesota</subfield><subfield code="c">Chippewa</subfield><subfield code="d">Montevideo.</subfield></datafield><datafield ind1="0" ind2="0" tag="780"><subfield code="t">Valley ventilator</subfield><subfield code="w">(DLC)sn 89064177</subfield></datafield><datafield ind1="0" ind2="0" tag="785"><subfield code="t">Montevideo leader</subfield><subfield code="w">(DLC)sn 89064181</subfield></datafield></record>